<?xml version="1.0" encoding="UTF-8"?><record xmlns="http://www.loc.gov/MARC21/slim" xmlns:cinclude="http://apache.org/cocoon/include/1.0" xmlns:zs="http://www.loc.gov/zing/srw/">
  <leader>00449nz  a2200121n  4500</leader>
  <controlfield tag="001">n  85389816 </controlfield>
  <controlfield tag="003">DLC</controlfield>
  <controlfield tag="005">19860325063427.2</controlfield>
  <controlfield tag="008">860212n| acannaab|          |n aaa |||  </controlfield>
  <datafield tag="010" ind1=" " ind2=" ">
    <subfield code="a">n  85389816 </subfield>
  </datafield>
  <datafield tag="040" ind1=" " ind2=" ">
    <subfield code="a">DLC</subfield>
    <subfield code="c">DLC</subfield>
  </datafield>
  <datafield tag="110" ind1="2" ind2="0">
    <subfield code="a">Logistic Resource, Inc.</subfield>
  </datafield>
  <datafield tag="670" ind1=" " ind2=" ">
    <subfield code="a">Logistics Resource Forum (5th : 1985 : Kiawah Island, S.C.). Logistics, international issues, c1985:</subfield>
    <subfield code="b">t.p. (Logistic Resource, Inc.) verso t.p. (subsidiary of Leaseway Transportation Corp.)</subfield>
  </datafield>
</record>